%YAML 1.1
%TAG !u! tag:unity3d.com,2011:
--- !u!1001 &100100000
Prefab:
  m_ObjectHideFlags: 1
  serializedVersion: 2
  m_Modification:
    m_TransformParent: {fileID: 0}
    m_Modifications: []
    m_RemovedComponents: []
  m_ParentPrefab: {fileID: 0}
  m_RootGameObject: {fileID: 1727983208885418}
  m_IsPrefabParent: 1
--- !u!1 &1202374372852214
GameObject:
  m_ObjectHideFlags: 0
  m_PrefabParentObject: {fileID: 0}
  m_PrefabInternal: {fileID: 100100000}
  serializedVersion: 5
  m_Component:
  - component: {fileID: 4074344757736402}
  - component: {fileID: 33322836153572612}
  - component: {fileID: 23298005632454624}
  m_Layer: 0
  m_Name: Mesh1
  m_TagString: Untagged
  m_Icon: {fileID: 0}
  m_NavMeshLayer: 1
  m_StaticEditorFlags: 4294967295
  m_IsActive: 1
--- !u!1 &1727983208885418
GameObject:
  m_ObjectHideFlags: 0
  m_PrefabParentObject: {fileID: 0}
  m_PrefabInternal: {fileID: 100100000}
  serializedVersion: 5
  m_Component:
  - component: {fileID: 4698067147942528}
  m_Layer: 0
  m_Name: edificioz8 (2)
  m_TagString: Untagged
  m_Icon: {fileID: 0}
  m_NavMeshLayer: 1
  m_StaticEditorFlags: 0
  m_IsActive: 1
--- !u!1 &1874339855265904
GameObject:
  m_ObjectHideFlags: 0
  m_PrefabParentObject: {fileID: 0}
  m_PrefabInternal: {fileID: 100100000}
  serializedVersion: 5
  m_Component:
  - component: {fileID: 4429528554559990}
  m_Layer: 0
  m_Name: Group1
  m_TagString: Untagged
  m_Icon: {fileID: 0}
  m_NavMeshLayer: 1
  m_StaticEditorFlags: 0
  m_IsActive: 1
--- !u!4 &4074344757736402
Transform:
  m_ObjectHideFlags: 1
  m_PrefabParentObject: {fileID: 0}
  m_PrefabInternal: {fileID: 100100000}
  m_GameObject: {fileID: 1202374372852214}
  m_LocalRotation: {x: -0, y: 0.70319206, z: -0, w: 0.71099997}
  m_LocalPosition: {x: 1.018, y: 0.232, z: -1.644}
  m_LocalScale: {x: 1, y: 1, z: 1}
  m_Children: []
  m_Father: {fileID: 4698067147942528}
  m_RootOrder: 1
  m_LocalEulerAnglesHint: {x: 0, y: 89.367004, z: 0}
--- !u!4 &4429528554559990
Transform:
  m_ObjectHideFlags: 1
  m_PrefabParentObject: {fileID: 0}
  m_PrefabInternal: {fileID: 100100000}
  m_GameObject: {fileID: 1874339855265904}
  m_LocalRotation: {x: 0, y: -0, z: -0, w: 1}
  m_LocalPosition: {x: -0, y: 0, z: 0}
  m_LocalScale: {x: 1, y: 1, z: 1}
  m_Children: []
  m_Father: {fileID: 4698067147942528}
  m_RootOrder: 0
  m_LocalEulerAnglesHint: {x: 0, y: 0, z: 0}
--- !u!4 &4698067147942528
Transform:
  m_ObjectHideFlags: 1
  m_PrefabParentObject: {fileID: 0}
  m_PrefabInternal: {fileID: 100100000}
  m_GameObject: {fileID: 1727983208885418}
  m_LocalRotation: {x: -0, y: -0.46793446, z: -0, w: -0.8837632}
  m_LocalPosition: {x: 3.9882908, y: -0.3600006, z: 6.5607047}
  m_LocalScale: {x: 3.6385016, y: 100, z: 3.6683128}
  m_Children:
  - {fileID: 4429528554559990}
  - {fileID: 4074344757736402}
  m_Father: {fileID: 0}
  m_RootOrder: 0
  m_LocalEulerAnglesHint: {x: 0, y: -124.383, z: 0}
--- !u!23 &23298005632454624
MeshRenderer:
  m_ObjectHideFlags: 1
  m_PrefabParentObject: {fileID: 0}
  m_PrefabInternal: {fileID: 100100000}
  m_GameObject: {fileID: 1202374372852214}
  m_Enabled: 1
  m_CastShadows: 1
  m_ReceiveShadows: 1
  m_MotionVectors: 1
  m_LightProbeUsage: 1
  m_ReflectionProbeUsage: 1
  m_Materials:
  - {fileID: 2100000, guid: 233a72d90bec4ad41b829215eda36145, type: 2}
  - {fileID: 2100000, guid: 78d3ea04a9b52f945bf339fe1eb533cc, type: 2}
  - {fileID: 2100000, guid: 59103586c04c00a40b3c7a72ff905ed4, type: 2}
  - {fileID: 2100000, guid: 42d662c0c73714d429ba5f620ceabd13, type: 2}
  - {fileID: 2100000, guid: 1ef8e3ca717a177469a57d0a583d0cea, type: 2}
  - {fileID: 2100000, guid: b3bc1581970639145bbf85434706bd71, type: 2}
  - {fileID: 2100000, guid: 1131692679f11e14b8c196d4de192bba, type: 2}
  - {fileID: 2100000, guid: 5321fda248881ff45bac9911d2392063, type: 2}
  - {fileID: 2100000, guid: 301374de6cad3224da5c8be7c18d98d6, type: 2}
  m_StaticBatchInfo:
    firstSubMesh: 0
    subMeshCount: 0
  m_StaticBatchRoot: {fileID: 0}
  m_ProbeAnchor: {fileID: 0}
  m_LightProbeVolumeOverride: {fileID: 0}
  m_ScaleInLightmap: 1
  m_PreserveUVs: 0
  m_IgnoreNormalsForChartDetection: 0
  m_ImportantGI: 0
  m_SelectedEditorRenderState: 3
  m_MinimumChartSize: 4
  m_AutoUVMaxDistance: 0.5
  m_AutoUVMaxAngle: 89
  m_LightmapParameters: {fileID: 0}
  m_SortingLayerID: 0
  m_SortingOrder: 0
--- !u!33 &33322836153572612
MeshFilter:
  m_ObjectHideFlags: 1
  m_PrefabParentObject: {fileID: 0}
  m_PrefabInternal: {fileID: 100100000}
  m_GameObject: {fileID: 1202374372852214}
  m_Mesh: {fileID: 4300000, guid: b50680c1683b39c46b00c7e3c23a90d0, type: 3}
